@article{knuth84,
  author     = {胡祥科，陈静},
  title      = {对象存储在电子档案管理系统中的研究与应用},
  journal    = {机电兵船档案},
  year       = {2023},
  number     = {2},
  volume     = {27},
  pages      = {97--111},
}

@article{kongqingyong2015keji,
  author     = {高志栋},
  title      = {基于Ceph的分布式存储在数据中心的设计与实现},
  journal    = {兰州大学},
  year       = {2018},
  volume     = {126},
  number     = {24},
  pages      = {87},
}

@article{kongq2015keji,
  author     = {Fuyumasa Takatsu},
  title      = {Design of Object Storage Using OpenNVM for High-performance Distributed File System},
  journal    = {Journal of Information Processing},
  year       = {2016},
  volume     = {34},
  number     = {27},
  pages      = {72--73},
}

@article{yuxiao,
  author     = {张延盛},
  title      = {一种分布式对象存储在巡检系统中的研究应用},
  journal    = {电信工程技术与标准化},
  year       = {2022},
  volume     = {52},
  number     = {11},
  pages      = {18--21},
}

@article{y2xiao,
  author     = {李冬雪，朱冀涛，刘岩，刘刚},
  title      = {新一代基建工地安全智能管控平台设计与规划},
  journal    = {中国测试},
  year       = {2023},
  volume     = {61},
  number     = {22},
  pages      = {28--29},
}

@article{desmarais1992carbon,
  author     = {Guillaume Ruty},
  title      = {An initial evaluation of 6Stor, a dynamically scalable IPv6-centric distributed object storage system},
  journal    = {Cluster Computing},
  year       = {2019},
  volume     = {12},
  pages      = {124--125},
}

@article{kongqingyong2eji,
  author     = {李敏达},
  title      = {基于Amazon S3 API的分布式对象存储系统设计与实现},
  journal    = {华中科技大学},
  year       = {2021},
  volume     = {26},
  number     = {10},
  pages      = {23--26},
}

@article{kong2ngyong2eji,
  author     = {鲁效平，王超},
  title      = {针对工业安全场景的智能管控平台研究与应用},
  journal    = {工业控制计算机},
  year       = {2023},
  volume     = {6},
  number     = {12},
  pages      = {36},
}

@article{kongqinong2015keji,
  author     = {Cheng Kexin},
  title      = {Performance research and prospect exploration of distributed object storage of meteorological data in domestic platform},
  journal    = {Journal of Physics: Conference Series},
  year       = {2021},
  volume     = {21},
  number     = {83},
  pages      = {41--42},
}


@article{kong2015keji,
  author     = {康欣欣},
  title      = {基于分布式对象存储的媒体资源管理系统建设研究},
  journal    = {信息与电脑（理论版）},
  year       = {2020},
  volume     = {125},
  number     = {76},
  pages      = {78--80},
}

@article{kon15keji,
  author     = {袁敬实，陈琰，王蓓蓓},
  title      = {分布式存储——大数据中心建设解决策略研究},
  journal    = {中国新通信},
  year       = {2021},
  volume     = {112},
  number     = {10},
  pages      = {124--128},
}

@article{kon2eji,
  author     = {刘金生，肖凌风，李志铿，杨海森},
  title      = {数据中心综合能源管控平台架构与功能研究},
  journal    = {电工电气},
  year       = {2022},
  volume     = {132},
  number     = {20},
  pages      = {44},
}


@article{kongeji,
  author     = {孙浩},
  title      = {一种分布式对象存储系统的设计与实现},
  journal    = {北京邮电大学},
  year       = {2021},
  volume     = {41},
  number     = {10},
  pages      = {32--35},
}

@article{kongqng2015keji,
  author     = {吴林},
  title      = {基于异构存储设备的分布式对象存储系统优化研究},
  journal    = {重庆大学},
  year       = {2018},
  volume     = {318},
  number     = {29},
  pages      = {89--91},
}


@article{kongqineji,
  author     = {韩盛中,王冲,何抗洪},
  title      = {互联网模式下分布式对象存储系统的设计},
  journal    = {电脑知识与技术},
  year       = {2017},
  volume     = {91},
  number     = {29},
  pages      = {44--45},
}

@article{kongqii,
  author     = {Kwangmin Kang},
  title      = {Flexibility on storage-release based distributed hydrologic modeling with object-oriented approach},
  journal    = {Journal of Hydrology},
  year       = {2016},
  volume     = {35},
  number     = {32},
  pages      = {114--115},
}


@article{kongq2eji,
  author     = {胡萍},
  title      = {基于临床路径的DRGs成本管控平台建设及应用研究},
  journal    = {会计之友},
  year       = {2023},
  volume     = {122},
  number     = {32},
  pages      = {55},
}

@article{koyong2015keji,
  author     = {梁宇彤},
  title      = {基于Ceph的分布式异构存储系统数据处理优化研究},
  journal    = {重庆大学},
  year       = {2018},
  volume     = {133},
  number     = {36},
  pages      = {39},
}

@article{konggyong2015keji,
  author     = {袁晖，朱小琴，张吉娜，王国霞},
  title      = {电力企业分级分类的分布式云存储系统的研究与实现},
  journal    = {电子设计工程},
  year       = {2021},
  volume     = {90},
  number     = {53},
  pages      = {47--52},
}

@article{kongqingyong201ji,
  author     = {文静,陈达,于璐},
  title      = {云计算环境下的分布式存储技术研究与应用},
  journal    = {电信工程技术与标准化},
  year       = {2016},
  volume     = {245},
  number     = {21},
  pages      = {98--99},
}

@article{kon2201ji,
  author     = {罗庆超，戴志华},
  title      = {营销作业现场远程管控平台应用},
  journal    = {农村电工},
  year       = {2023},
  volume     = {15},
  number     = {13},
  pages      = {18},
}


@article{kongq5keji,
  author     = {Nicky Nicolson,Alan Paton;Sarah Phillips,Allan Tucker},
  title      = {Specimens as research objects: reconciliation across distributed repositories to enable metadata propagation},
  journal    = {CoRR},
  year       = {2018},
  volume     = {5},
  number     = {18},
  pages      = {27--28},
}

@article{kongqingy2015keji,
  author     = {Fernández Casaní Álvaro},
  title      = {A Reliable Large Distributed Object Store Based Platform for Collecting Event Metadata},
  journal    = {Journal of Grid Computing},
  year       = {2021},
  volume     = {38},
  number     = {42},
  pages      = {57--61},
}

@article{koing2keji,
  author     = {蔺欣},
  title      = {一种分布式对象存储系统的设计与实现},
  journal    = {北京工业大学},
  year       = {2017},
  volume     = {224},
  number     = {6},
  pages      = {52},
}

@article{koi56keji,
  author     = {Zhang Quan},
  title      = {Backstepping sliding mode control strategy of non-contact 6-DOF Lorentz force platform},
  journal    = {Journal of Vibration and Control},
  year       = {2023},
  volume     = {212},
  number     = {37},
  pages      = {102--103},
}

@article{koi2keji,
  author     = {苏旭},
  title      = {打造世界一流的智慧税务管控平台},
  journal    = {新理财},
  year       = {2023},
  volume     = {53},
  number     = {16},
  pages      = {47--48},
}

@article{kongqingyi,
  author     = {王筱橦，蒋玉玲},
  title      = {对象存储中基于高斯分布的分层缓存淘汰算法},
  journal    = {北京邮电大学},
  year       = {2021},
  volume     = {121},
  number     = {10},
  pages      = {32--35},
}


@article{kqingg201eji,
  author     = {Nathan Moodie},
  title      = {Impacts of relative permeability formulation on forecasts of CO2 phase behavior, phase distribution, and trapping mechanisms in a geologic carbon storage reservoir *},
  journal    = {Greenhouse Gases: Science and Technology},
  year       = {2017},
  volume     = {22},
  number     = {14},
  pages      = {65--66},
}


@article{koyeji,
  author     = {王强，覃遵颖，崔靖茹，折波，李国栋},
  title      = {基于分布式对象存储的超融合常态录播系统},
  journal    = {通信学报},
  year       = {2018},
  volume     = {16},
  number     = {27},
  pages      = {32--34},
}

@article{ko23i,
  author     = {Deschamps Joran},
  title      = {MicroFPGA: An affordable FPGA platform for microscope control},
  journal    = {HardwareX},
  year       = {2023},
  volume     = {254},
  number     = {22},
  pages      = {142--144},
}

@article{kongqoji,
  author     = {陈曦,朱建涛,何晓斌},
  title      = {一种面向高性能计算的分布式对象存储系统},
  journal    = {计算机工程},
  year       = {2017},
  volume     = {5},
  number     = {18},
  pages      = {27--28},
}

@article{kong2324qoji,
  author     = {Zhang Quan},
  title      = {Backstepping sliding mode control strategy of non-contact 6-DOF Lorentz force platform},
  journal    = {计算机工程},
  year       = {2023},
  volume     = {52},
  number     = {11},
  pages      = {62},
}

@article{kngqineji,
  author     = {张亮},
  title      = {分布式对象存储/文件系统的数据同步},
  journal    = {数字中国，能源互联——2018电力行业信息化年会论文集},
  year       = {2018},
  volume     = {134},
  number     = {38},
  pages      = {74--77},
}

@article{kn2e2i,
  author     = {Wu Huiyuan},
  title      = {A Control Algorithm of Active Wave Compensation System Based on the Stewart Platform},
  journal    = {Journal of Physics: Conference Series},
  year       = {2023},
  volume     = {232},
  number     = {42},
  pages      = {124--125},
}

@article{kng2eji,
  author     = {史骁，宋永浩，郑晓辉，唐宏伟},
  title      = {面向强一致性的分布式对象存储的I/O并行性优化},
  journal    = {高技术通讯},
  year       = {2020},
  volume     = {87},
  number     = {24},
  pages      = {78--79},
}

@article{k256eji,
  author     = {Ruggaber Julian},
  title      = {AI-For-Mobility—A New Research Platform for AI-Based Control Methods},
  journal    = {Applied Sciences},
  year       = {2023},
  volume     = {281},
  number     = {46},
  pages      = {121},
}


@article{kng222eji,
  author     = {邓竣中},
  title      = {面向分布式对象存储的协作式近数据处理技术研究},
  journal    = {华中科技大学},
  year       = {2020},
  volume     = {97},
  number     = {28},
  pages      = {68},
}

@article{kng2562eji,
  author     = {Zhang Lei},
  title      = {Real-Time Reliability Access Control Based on Rail Traffic Data Platform},
  journal    = {Electronics},
  year       = {2023},
  volume     = {172},
  number     = {42},
  pages      = {55--56},
}

@article{kng232eji,
  author     = {Yi Su},
  title      = {Understanding the latency distribution of cloud object storage systems},
  journal    = {Journal of Parallel and Distributed Computing},
  year       = {2019},
  volume     = {133},
  number     = {32},
  pages      = {44},
}